@book{vasin_kef,
    title     = { Компьютерный эксперимент в физике },
    author    = { Васин, А.С. },
    publisher = { Нижегородский государственный университет им. Н.И.~Лобачевского },
    address   = { Нижний Новгород },
    year      = { 2006 },
    numpages  = { 43 },
    language  = { russian }
}

@book{guld_tobochnik_kmf,
    title     = { Компьютерное моделирование в физике },
    author    = { Гулд, Х. and Тобочник, Я. },
    publisher = { Мир },
    address   = { Москва },
    year      = { 1990 },
    numpages  = { 350 },
    volume    = { 2 },
    language  = { russian }
}
